@book{computer-systems,
  author         = {Randal E. Bryant and David R. O'Hallaron},
  publisher      = {Pearson},
  title          = {Computer Systems: A Programmer's Perspective},
  year           = {2016},
  edition        = 3,
  ISBN          = {978-0134092669},
}